<?xml version="1.0" encoding="UTF-8"?>
<record>
  <leader>00955nam#a2200277#c#4500</leader>
  <controlfield tag="005">20210408111424.0</controlfield>
  <controlfield tag="007">tu</controlfield>
  <controlfield tag="008">000225|1999####xx############|||#|#####c</controlfield>
  <controlfield tag="003">DE-605</controlfield>
  <controlfield tag="001">990112233930206441</controlfield>
  <datafield tag="035" ind1=" " ind2=" ">
    <subfield code="a">(DE-605)BT000177524</subfield>
  </datafield>
  <datafield tag="040" ind1=" " ind2=" ">
    <subfield code="a">6/NWBib</subfield>
    <subfield code="b">ger</subfield>
    <subfield code="d">6/NWBib</subfield>
    <subfield code="e">rakwb</subfield>
  </datafield>
  <datafield tag="084" ind1=" " ind2=" ">
    <subfield code="a">Bochum</subfield>
    <subfield code="0">https://nwbib.de/spatial#Q2103</subfield>
    <subfield code="2">nwbib</subfield>
  </datafield>
  <datafield tag="084" ind1=" " ind2=" ">
    <subfield code="a">Umweltschutz</subfield>
    <subfield code="0">https://nwbib.de/subjects#N582000</subfield>
    <subfield code="2">nwbib</subfield>
  </datafield>
  <datafield tag="084" ind1=" " ind2=" ">
    <subfield code="a">Kommunalplanung</subfield>
    <subfield code="0">https://nwbib.de/subjects#N572060</subfield>
    <subfield code="2">nwbib</subfield>
  </datafield>
  <datafield tag="110" ind1="1" ind2=" ">
    <subfield code="a">Bochum</subfield>
    <subfield code="0">(DE-588)4007328-2</subfield>
    <subfield code="4">aut</subfield>
    <subfield code="0">https://d-nb.info/gnd/040073289</subfield>
    <subfield code="0">http://viaf.org/viaf/132604254</subfield>
    <subfield code="B">GND-040073289</subfield>
  </datafield>
  <datafield tag="245" ind1="1" ind2="0">
    <subfield code="a">Bochum-Agenda 21</subfield>
    <subfield code="b">Dokumentation der Auftaktveranstaltung vom 15. Mai 1999 auf dem Dr.-Ruer-Platz und Umgebung</subfield>
  </datafield>
  <datafield tag="264" ind1=" " ind2="1">
    <subfield code="a">Bochum</subfield>
    <subfield code="c">1999</subfield>
  </datafield>
  <datafield tag="300" ind1=" " ind2=" ">
    <subfield code="a">228 S. : Ill., graph. Darst.</subfield>
  </datafield>
  <datafield tag="591" ind1=" " ind2=" ">
    <subfield code="a">2C 6583</subfield>
  </datafield>
  <datafield tag="689" ind1="0" ind2="0">
    <subfield code="a">Bochum</subfield>
    <subfield code="D">g</subfield>
    <subfield code="0">(DE-588)4007328-2</subfield>
    <subfield code="B">GND-040073289</subfield>
  </datafield>
  <datafield tag="689" ind1="0" ind2="1">
    <subfield code="a">Lokale Agenda 21</subfield>
    <subfield code="D">s</subfield>
    <subfield code="0">(DE-588)4505607-9</subfield>
    <subfield code="B">GND-953862178</subfield>
  </datafield>
  <datafield tag="960" ind1="1" ind2=" ">
    <subfield code="n">NWBib</subfield>
  </datafield>
  <datafield tag="964" ind1="0" ind2="s">
    <subfield code="F">030</subfield>
    <subfield code="A">a|1uc||||||27</subfield>
  </datafield>
  <datafield tag="964" ind1="0" ind2="s">
    <subfield code="F">050</subfield>
    <subfield code="A">a|||||||||||||</subfield>
  </datafield>
  <datafield tag="964" ind1="0" ind2="s">
    <subfield code="F">051</subfield>
    <subfield code="A">m|||||||</subfield>
  </datafield>
  <datafield tag="MBD" ind1=" " ind2=" ">
    <subfield code="M">49HBZ_NETWORK</subfield>
    <subfield code="i">990112233930206441</subfield>
    <subfield code="n">HBZ Network</subfield>
  </datafield>
  <datafield tag="MNG" ind1=" " ind2=" ">
    <subfield code="c">System</subfield>
    <subfield code="f">ILS</subfield>
    <subfield code="i">marc21</subfield>
    <subfield code="l">46</subfield>
    <subfield code="k">01</subfield>
    <subfield code="e">false</subfield>
    <subfield code="d">2024-11-10 05:02:40 Europe/Berlin</subfield>
    <subfield code="g">011223393-HBZ01</subfield>
    <subfield code="j">60</subfield>
    <subfield code="a">import</subfield>
    <subfield code="b">2021-04-05 14:24:59 Europe/Berlin</subfield>
  </datafield>
  <datafield tag="GSI" ind1="7" ind2=" ">
    <subfield code="a">4007328-2</subfield>
    <subfield code="0">http://d-nb.info/gnd/4007328-2</subfield>
    <subfield code="2">gnd</subfield>
    <subfield code="A">GND</subfield>
    <subfield code="B">GND-040073289</subfield>
    <subfield code="C">024</subfield>
  </datafield>
  <datafield tag="GSI" ind1="7" ind2=" ">
    <subfield code="a">2947416</subfield>
    <subfield code="2">geonames</subfield>
    <subfield code="A">GND</subfield>
    <subfield code="B">GND-040073289</subfield>
    <subfield code="C">024</subfield>
  </datafield>
  <datafield tag="GGN" ind1=" " ind2=" ">
    <subfield code="a">Stadt Bochum</subfield>
    <subfield code="A">GND</subfield>
    <subfield code="B">GND-040073289</subfield>
    <subfield code="C">451</subfield>
  </datafield>
  <datafield tag="GGN" ind1=" " ind2=" ">
    <subfield code="a">Baukem</subfield>
    <subfield code="9">v:westfälisch</subfield>
    <subfield code="A">GND</subfield>
    <subfield code="B">GND-040073289</subfield>
    <subfield code="C">451</subfield>
  </datafield>
  <datafield tag="GSI" ind1="7" ind2=" ">
    <subfield code="a">4505607-9</subfield>
    <subfield code="0">http://d-nb.info/gnd/4505607-9</subfield>
    <subfield code="2">gnd</subfield>
    <subfield code="A">GND</subfield>
    <subfield code="B">GND-953862178</subfield>
    <subfield code="C">024</subfield>
  </datafield>
  <datafield tag="GSI" ind1="7" ind2=" ">
    <subfield code="a">4007328-2</subfield>
    <subfield code="0">http://d-nb.info/gnd/4007328-2</subfield>
    <subfield code="2">gnd</subfield>
    <subfield code="A">GND</subfield>
    <subfield code="B">GND-040073289</subfield>
    <subfield code="C">024</subfield>
  </datafield>
  <datafield tag="GSI" ind1="7" ind2=" ">
    <subfield code="a">2947416</subfield>
    <subfield code="2">geonames</subfield>
    <subfield code="A">GND</subfield>
    <subfield code="B">GND-040073289</subfield>
    <subfield code="C">024</subfield>
  </datafield>
  <datafield tag="GGN" ind1=" " ind2=" ">
    <subfield code="a">Stadt Bochum</subfield>
    <subfield code="A">GND</subfield>
    <subfield code="B">GND-040073289</subfield>
    <subfield code="C">451</subfield>
  </datafield>
  <datafield tag="GGN" ind1=" " ind2=" ">
    <subfield code="a">Baukem</subfield>
    <subfield code="9">v:westfälisch</subfield>
    <subfield code="A">GND</subfield>
    <subfield code="B">GND-040073289</subfield>
    <subfield code="C">451</subfield>
  </datafield>
</record>
